% This file was created with JabRef 2.9b2.
% Encoding: UTF-8

@ARTICLE{mapreduce,
  author = {Jeffrey Dean and Sanjay Ghemawat},
  title = {MapReduce: Simplied Data Processing on Large Clusters},
  journal = {OSDI'04: Sixth Symposium on Operating System Design and Implementation},
  year = {2004},
  howpublished = {Accessed on 2013.12.29},
  institution = {Google, Inc.},
  owner = {lexruee},
  quality = {1},
  timestamp = {2014.01.04},
  url = {http://static.googleusercontent.com/media/research.google.com/de//archive/mapreduce-osdi04.pdf}
}

@BOOK{holmes2012hadoop,
  title = {Hadoop in practice},
  publisher = {Manning},
  year = {2012},
  author = {Holmes, Alex},
  address = {Shelter Island, NY},
  isbn = {1617290238}
}

@ARTICLE{GFS,
  author = {Sanjay Ghemawat, Howard Gobioff, and Shun-Tak Leung},
  title = {The Google File System},
  journal = {19th ACM Symposium on Operating Systems Principles},
  year = {2003},
  howpublished = {Accessed on 2013.12.29},
  organization = {Google, Inc.},
  owner = {lexruee},
  quality = {1},
  timestamp = {2014.01.04},
  url = {http://static.googleusercontent.com/media/research.google.com/de//archive/gfs-sosp2003.pdf}
}

@BOOK{schmidt2012raspberry,
  title = {Raspberry Pi: a quick start guide},
  publisher = {The Pragmatic Bookshelf},
  year = {2012},
  author = {Schmidt, Maik},
  address = {Dallas TX},
  isbn = {1937785041}
}

@BOOK{venner2009pro,
  title = {Pro Hadoop},
  publisher = {Apress},
  year = {2009},
  author = {Venner, Jason},
  address = {Berkeley, CA},
  isbn = {1430219424}
}

@BOOK{white2012hadoop,
  title = {Hadoop : the definitive guide},
  publisher = {O'Reilly},
  year = {2012},
  author = {White, Tom},
  address = {Farnham Sebastopol, Calif},
  isbn = {978-1449311520}
}

@MISC{hadoop,
  title = {{{Hadoop.apache.org. Forest Hill: The Apache Software Foundation;
	2012}}},
  owner = {lexruee},
  quality = {1},
  timestamp = {2014.01.04},
  url = {http://hadoop.apache.org/}
}

@MISC{Stackoverflow.com,
  title = {{{Stackoverflow.com. New York: Stack Exchange, Inc; 2024}}},
  owner = {lexruee},
  quality = {1},
  timestamp = {2014.01.04},
  url = {http://www.stackoverflow.com}
}

